@manual{hoffmann:listings,
   author    = {Carsten Heinz and Brooks Moses and Jobst Hoffmann},
   title     = {The Listings Package},
   url       = {https://mirror.ctan.org/macros/latex/contrib/listings/listings.pdf},
   version   = {1.9},
   date      = {2023-02-27},
   language  = {english}
}

@manual{schoepf:verbatim,
   author    = {Rainer Sch{\"o}pf and Bernd Raichle and Chris Rowley},
   title     = {A New Implementation of {\LaTeX}'s verbatim and verbatim* Environments},
   url       = {https://mirror.ctan.org/macros/latex/required/tools/verbatim.pdf},
   date      = {2023-11-06},
}

@techreport{sturm:mathe1,
   author      = {Thomas F. Sturm},
   title       = {Mathematik 1 (B.Eng.)},
   type        = {Vorlesungs-Skriptum},
   institution = {Universit{\"a}t der Bundeswehr M{\"u}nchen},
   address     = {Neubiberg},
   url         = {https://www.unibw.de/bw/professuren/thomas-sturm},
   year        = 2019,
   language    = {german}
}

@techreport{sturm:mathe2,
   author      = {Thomas F. Sturm},
   title       = {Mathematik 2 (B.Eng.)},
   type        = {Vorlesungs-Skriptum},
   institution = {Universit{\"a}t der Bundeswehr M{\"u}nchen},
   address     = {Neubiberg},
   url         = {https://www.unibw.de/bw/professuren/thomas-sturm},
   year        = 2019,
   language    = {german}
}

@techreport{sturm:mathe3,
   author      = {Thomas F. Sturm},
   title       = {H{\"o}here Mathematik: Fortgeschrittene mathematische Methoden (M.Eng.)},
   type        = {Vorlesungs-Skriptum},
   institution = {Universit{\"a}t der Bundeswehr M{\"u}nchen},
   address     = {Neubiberg},
   url         = {https://www.unibw.de/bw/professuren/thomas-sturm},
   year        = 2019,
   language    = {german}
}

@book{sturm:latex,
   author      = {Thomas F. Sturm},
   title       = {\LaTeX -- Einf{\"u}hrung in das Textsatzsystem},
   publisher   = {Leibnitz Universit{\"a}t Hannover IT Services (LUIS)},
   address     = {Hannover},
   edition     = 12,
   series      = {IT-Handb{\"u}cher},
   url         = {https://www.luis.uni-hannover.de/de/services/kurse-beratung-und-support/handbuecher/it-handbuecher-und-ebooks/details/manuals/latex},
   date        = {2019-07},
   language    = {german}
}


@manual{tantau:tikz_and_pgf,
   author    = {Till Tantau},
   title     = {The TikZ and PGF Packages},
   subtitle  = {Manual for version 3.1.10},
   url       = {https://mirrors.ctan.org/graphics/pgf/base/doc/pgfmanual.pdf},
   date      = {2023-01-15},
}


@manual{tantau:beamer,
   author    = {Till Tantau and Joseph Wright and Vedran Mileti\'{c}},
   title     = {The Beamer Class},
   subtitle  = {User Guide for version 3.71},
   url       = {https://mirrors.ctan.org/macros/latex/contrib/beamer/doc/beameruserguide.pdf},
   date      = {2024-01-06},
}


@manual{carlisle:ltxdoc,
  author    = {David Carlisle},
  title     = {The file ltxdoc.dtx for use with \LaTeXe},
  url       = {https://mirror.ctan.org/macros/latex/base/ltxdoc.pdf},
  date      = {2023-03-28}
}


@manual{carlisle:tabularx,
  author    = {David Carlisle},
  title     = {The tabularx package},
  url       = {https://mirror.ctan.org/macros/latex/required/tools/tabularx.pdf},
  date      = {2023-07-08}
}


@manual{mittelbach:doc,
  author    = {Frank Mittelbach},
  title     = {The doc and shortvrb Packages},
  url       = {https://mirror.ctan.org/macros/latex/base/doc.dtx},
  date      = {2022-11-13}
}


@manual{mittelbach:multicol,
   author    = {Frank Mittelbach},
   title     = {An environment for multicolumn output},
   url       = {https://mirror.ctan.org/macros/latex/required/tools/multicol.pdf},
   date      = {2023-11-21},
}


@manual{oberdiek:listingsutf8,
   author    = {Heiko Oberdiek},
   title     = {The listingsutf8 package},
   url       = {http://mirrors.ctan.org/macros/latex/contrib/listingsutf8/listingsutf8.pdf},
   date      = {2019-12-10},
}


@manual{robertson:2014a,
   author    = {Will Robertson},
   title     = {A couple of things involving environments},
   url       = {https://mirror.ctan.org/macros/latex/contrib/environ/environ.pdf},
   date      = {2014-05-04},
}


@manual{lehmann:etoolbox,
   author    = {Philipp Lehman and Joseph Wright},
   title     = {The etoolbox Package},
   url       = {https://mirror.ctan.org/macros/latex/contrib/etoolbox/etoolbox.pdf},
   date      = {2020-10-05},
}


@manual{cubitt:2018a,
   author    = {Toby Cubitt},
   title     = {The cleveref Package},
   url       = {https://mirror.ctan.org/macros/latex/contrib/cleveref/cleveref.pdf},
   date      = {2018-03-27},
}


@manual{poore:minted,
   author    = {Geoffrey M. Poore},
   title     = {The minted package},
   subtitle  = {Highlighted source code in \LaTeX},
   url       = {https://mirror.ctan.org/macros/latex/contrib/minted/minted.pdf},
   date      = {2023-12-18},
}

@online{pygments:web,
  title        = {Pygments},
  subtitle     = {Python syntax highlighter},
  date         = {2024},
  url          = {https://pygments.org/},
}

@manual{latexproject:xparse,
   author    = {The \LaTeX3 Project},
   title     = {The xparse Package},
   url       = {https://mirror.ctan.org/macros/latex/contrib/l3packages/xparse.pdf},
   date      = {2023-10-10},
}


@manual{arseneau:2011a,
   author    = {Donald Arseneau},
   title     = {The varwidth package},
   url       = {https://mirrors.ctan.org/macros/latex/contrib/varwidth/varwidth-doc.pdf},
   date      = {2011-09-26},
}


@manual{rahtz:hyperref,
   author    = {Sebastian Rahtz and Heiko Oberdiek},
   title     = {Hypertext marks in \LaTeX: a manual for hyperref},
   url       = {https://mirrors.ctan.org/macros/latex/contrib/hyperref/doc/hyperref-doc.pdf},
   date      = {2023-11-26},
   language  = {english}
}


@manual{oberdiek:bookmark,
   author    = {Heiko Oberdiek},
   title     = {The bookmark package},
   url       = {https://mirrors.ctan.org/macros/latex/contrib/bookmark/bookmark.pdf},
   date      = {2023-12-10},
   language  = {english}
}


@manual{oberdiek:zref,
   author    = {Heiko Oberdiek},
   title     = {The zref package},
   url       = {https://mirrors.ctan.org/macros/latex/contrib/zref/zref.pdf},
   date      = {2023-09-14},
   language  = {english}
}


@manual{barros:zref-clever,
   author    = {Gustavo Barros},
   title     = {The zref-clever package},
   url       = {https://mirrors.ctan.org/macros/latex/contrib/zref-clever/zref-clever-doc.pdf},
   date      = {2023-11-14},
   language  = {english}
}


@manual{latexproject:usrguide,
   author    = {The \LaTeX{} Project Team},
   title     = {{\LaTeX} for authors --- current version},
   url       = {https://mirrors.ctan.org/macros/latex/base/usrguide.pdf},
   date      = {2023-05-23},
}
